<?xml version="1.0" encoding="UTF-8"?><collection xmlns="http://www.loc.gov/MARC21/slim"><record><leader>00436nam--2200145-i-4500</leader><controlfield tag="001">000014494</controlfield><controlfield tag="002">20161230</controlfield><controlfield tag="005">20161230201030</controlfield><controlfield tag="008">060222s1000------------r-----000-0-eng-d</controlfield><datafield ind1=" " ind2=" " tag="080"><subfield code="a">621.381</subfield></datafield><datafield ind1=" " ind2=" " tag="245"><subfield code="a">Charge-coupled devices and their applications</subfield></datafield><datafield ind1=" " ind2=" " tag="260"><subfield code="a">London, Mcgraw-hill Book Company (Uk) Limited, 1980.  Xii + 275 P</subfield></datafield><datafield ind1=" " ind2=" " tag="490"><subfield code="a">The Wiley Series In Solid State Devices And</subfield></datafield><datafield ind1=" " ind2=" " tag="700"><subfield code="a">Beynon, J.D.E. /S.A.</subfield></datafield><datafield ind1=" " ind2=" " tag="852"><subfield code="a">71252</subfield></datafield></record></collection>